% 保存为 TempExample.bib
@article{BAIBICH19882472,
  title = {Giant Magnetoresistance of (001)Fe/(001)Cr Magnetic Superlattices},
  author = {Baibich, M. N. and Broto, J. M. and Fert, A. and Nguyen Van Dau, F. and Petroff, F. and Etienne, P. and Creuzet, G. and Friederich, A. and Chazelas, J.},
  journal = {Phys. Rev. Lett.},
  volume = {61},
  issue = {21},
  pages = {2472--2475},
  year = {1988},
  month = {Nov},
  doi = {10.1103/PhysRevLett.61.2472},
  url = {https://link.aps.org/doi/10.1103/PhysRevLett.61.2472}
}

@article{BINASCH19894828,
  title = {Enhanced magnetoresistance in layered magnetic structures with antiferromagnetic interlayer exchange},
  author = {Binasch, G. and Gr\"unberg, P. and Saurenbach, F. and Zinn, W.},
  journal = {Phys. Rev. B},
  volume = {39},
  issue = {7},
  pages = {4828--4830},
  year = {1989},
  month = {Mar},
  doi = {10.1103/PhysRevB.39.4828},
  url = {https://link.aps.org/doi/10.1103/PhysRevB.39.4828}
}

@article{PARKIN19902304,
  title = {Oscillations in exchange coupling and magnetoresistance in metallic superlattice structures: Co/Ru, Co/Cr, and Fe/Cr},
  author = {Parkin, S. S. P. and More, N. and Roche, K. P.},
  journal = {Phys. Rev. Lett.},
  volume = {64},
  issue = {19},
  pages = {2304--2307},
  year = {1990},
  month = {May},
  doi = {10.1103/PhysRevLett.64.2304},
  url = {https://link.aps.org/doi/10.1103/PhysRevLett.64.2304}
}

@article{DIENY1991,
  title = {Giant magnetoresistive in soft ferromagnetic multilayers},
  author = {Dieny, B. and Speriosu, V. S. and Parkin, S. S. P. and Gurney, B. A. and Wilhoit, D. R. and Mauri, D.},
  journal = {Phys. Rev. B},
  volume = {43},
  pages = {1297--1300},
  year = {1991},
  month = {Jan},
  doi = {10.1103/PhysRevB.43.1297},
  url = {https://link.aps.org/doi/10.1103/PhysRevB.43.1297}
}